<?xml version="1.0" encoding="UTF-8"?>
<record xmlns="http://www.loc.gov/MARC21/slim">
  <leader>01793ntm a22003617a 4500</leader>
  <controlfield tag="001">3753646</controlfield>
  <controlfield tag="005">20111124141200.0</controlfield>
  <controlfield tag="008">090115s1866    xx            000 i eng d</controlfield>
  <datafield tag="033" ind1="0" ind2="0">
    <subfield code="a">18660723</subfield>
  </datafield>
  <datafield tag="035" ind1=" " ind2=" ">
    <subfield code="a">3753646</subfield>
  </datafield>
  <datafield tag="040" ind1=" " ind2=" ">
    <subfield code="a">BRL</subfield>
  </datafield>
  <datafield tag="099" ind1=" " ind2=" ">
    <subfield code="a">Ms.A.1.1 v.7, p.19B</subfield>
  </datafield>
  <datafield tag="100" ind1="1" ind2=" ">
    <subfield code="a">Garrison, William Lloyd,</subfield>
    <subfield code="d">1805-1879.</subfield>
  </datafield>
  <datafield tag="245" ind1="1" ind2="0">
    <subfield code="a">[Letter to] Dear Wife</subfield>
    <subfield code="h">[manuscript].</subfield>
  </datafield>
  <datafield tag="260" ind1=" " ind2=" ">
    <subfield code="a">Orange, N.J.,</subfield>
    <subfield code="c">July 23, 1866.</subfield>
  </datafield>
  <datafield tag="300" ind1=" " ind2=" ">
    <subfield code="a">1 leaf (3 p.) ;</subfield>
    <subfield code="c">8 3/8 x 5 1/8 in.</subfield>
  </datafield>
  <datafield tag="500" ind1=" " ind2=" ">
    <subfield code="a">Holograph, signed with initials.</subfield>
  </datafield>
  <datafield tag="500" ind1=" " ind2=" ">
    <subfield code="a">Letter written in pencil.</subfield>
  </datafield>
  <datafield tag="500" ind1=" " ind2=" ">
    <subfield code="a">William Lloyd Garrison stayed indoors on account of the rain. His arm still hurts. J. Miller M&apos;Kim has a bad cough. William Green visited William L. Garrison. Wiliam L. Garrison took a long walk with his son Wendell. Garrison writes: &quot;Last evening, Lucy indulged me by playing a number of good old psalm tunes on the piano, and we had some family singing. Charley [McKim] has a capital voice, of great compass, and may yet distinguish himself as a singer.&quot;</subfield>
  </datafield>
  <datafield tag="510" ind1="4" ind2=" ">
    <subfield code="a">Merrill, Walter M. Letters of William Lloyd Garrison,</subfield>
    <subfield code="c">v.5, no.180.</subfield>
  </datafield>
  <datafield tag="600" ind1="1" ind2="0">
    <subfield code="a">Garrison, William Lloyd,</subfield>
    <subfield code="d">1805-1879</subfield>
    <subfield code="v">Correspondence.</subfield>
  </datafield>
  <datafield tag="600" ind1="1" ind2="0">
    <subfield code="a">Garrison, Helen Eliza,</subfield>
    <subfield code="d">1811-1876</subfield>
    <subfield code="v">Correspondence.</subfield>
  </datafield>
  <datafield tag="600" ind1="1" ind2="0">
    <subfield code="a">Garrison, Wendell Phillips,</subfield>
    <subfield code="d">1840-1907.</subfield>
  </datafield>
  <datafield tag="600" ind1="1" ind2="0">
    <subfield code="a">Green William,</subfield>
    <subfield code="d">1796-1881.</subfield>
  </datafield>
  <datafield tag="600" ind1="1" ind2="0">
    <subfield code="a">M&apos;Kim, J. Miller</subfield>
    <subfield code="q">(James Miller),</subfield>
    <subfield code="d">1810-1874.</subfield>
  </datafield>
  <datafield tag="600" ind1="1" ind2="0">
    <subfield code="a">McKim, Charles Follen,</subfield>
    <subfield code="d">1847-1909.</subfield>
  </datafield>
  <datafield tag="650" ind1=" " ind2="0">
    <subfield code="a">Antislavery movements</subfield>
    <subfield code="z">United States</subfield>
    <subfield code="x">History</subfield>
    <subfield code="y">19th century.</subfield>
  </datafield>
  <datafield tag="650" ind1=" " ind2="0">
    <subfield code="a">Abolitionists</subfield>
    <subfield code="z">United States</subfield>
    <subfield code="y">19th century</subfield>
    <subfield code="v">Correspondence.</subfield>
  </datafield>
  <datafield tag="655" ind1=" " ind2="0">
    <subfield code="a">Letters.</subfield>
  </datafield>
  <datafield tag="655" ind1=" " ind2="0">
    <subfield code="a">Manuscripts.</subfield>
  </datafield>
  <datafield tag="700" ind1="1" ind2=" ">
    <subfield code="a">Garrison, Helen Eliza,</subfield>
    <subfield code="d">1811-1876.</subfield>
    <subfield code="e">recipient.</subfield>
  </datafield>
  <datafield tag="830" ind1=" " ind2="0">
    <subfield code="a">William Lloyd Garrison Correspondence (1823-1879)</subfield>
  </datafield>
  <datafield tag="999" ind1=" " ind2=" ">
    <subfield code="a">shots: 4</subfield>
  </datafield>
</record>
